%% This BibTeX bibliography file was created using BibDesk.
%% https://bibdesk.sourceforge.io/

%% Created for apple at 2023-07-17 20:16:05 +0800 


%% Saved with string encoding Unicode (UTF-8) 



@article{Li2020NeuralOG,
	author = {Zong-Yi Li and Nikola B. Kovachki and Kamyar Azizzadenesheli and Burigede Liu and Kaushik Bhattacharya and Andrew Stuart and Anima Anandkumar},
	date-added = {2023-07-15 11:36:44 +0800},
	date-modified = {2023-07-15 11:36:44 +0800},
	journal = {ArXiv},
	title = {{N}eural {O}perator: {G}raph {K}ernel {N}etwork for {P}artial {D}ifferential {E}quations},
	volume = {abs/2003.03485},
	year = {2020}}

@article{lapeyre2021neural,
	author = {Lapeyre, Bernard and Lelong, J{\'e}r{\^o}me},
	date-added = {2023-07-15 11:36:44 +0800},
	date-modified = {2023-07-15 11:36:44 +0800},
	journal = {Monte Carlo Methods and Applications},
	number = {3},
	pages = {227--247},
	publisher = {De Gruyter},
	title = {{N}eural network regression for {B}ermudan option pricing},
	volume = {27},
	year = {2021}}

@article{kingma2014adam,
	author = {Kingma, Diederik P and Ba, Jimmy},
	date-added = {2023-07-15 11:36:44 +0800},
	date-modified = {2023-07-15 11:36:44 +0800},
	journal = {arXiv preprint arXiv:1412.6980},
	title = {{A}dam: {A} method for stochastic optimization},
	year = {2014}}

@article{longstaff2001valuing,
	author = {Longstaff, Francis A and Schwartz, Eduardo S},
	date-added = {2023-07-15 11:36:44 +0800},
	date-modified = {2023-07-15 11:36:44 +0800},
	journal = {The Review of Financial Studies},
	number = {1},
	pages = {113--147},
	publisher = {Oxford University Press},
	title = {{V}aluing {A}merican options by simulation: a simple least-squares approach},
	volume = {14},
	year = {2001}}

@article{saporito2020pdgm,
	author = {Saporito, Yuri F and Zhang, Zhaoyu},
	date-added = {2023-07-15 11:36:44 +0800},
	date-modified = {2023-07-15 11:36:44 +0800},
	journal = {arXiv preprint arXiv:2003.02035},
	title = {{PDGM}: a neural network approach to solve path-dependent partial differential equations},
	year = {2020}}

@book{kwok2008mathematical,
	author = {Kwok, Yue-Kuen},
	date-added = {2023-07-15 11:36:44 +0800},
	date-modified = {2023-07-15 11:36:44 +0800},
	publisher = {Springer},
	title = {{M}athematical {M}odels of {F}inancial {D}erivatives},
	year = {2008}}

@article{tan2022enhanced,
	author = {Tan, Lesley and Chen, Liang},
	date-added = {2023-07-15 11:36:44 +0800},
	date-modified = {2023-07-15 11:36:44 +0800},
	journal = {arXiv preprint arXiv:2202.08942},
	title = {{E}nhanced {D}eep{ON}et for modeling partial differential operators considering multiple input functions},
	year = {2022}}

@article{raissi2019physics,
	author = {Raissi, Maziar and Perdikaris, Paris and Karniadakis, George E},
	date-added = {2023-07-15 11:36:44 +0800},
	date-modified = {2023-07-15 11:36:44 +0800},
	journal = {Journal of Computational Physics},
	pages = {686--707},
	publisher = {Elsevier},
	title = {{P}hysics-informed neural networks: {A} deep learning framework for solving forward and inverse problems involving nonlinear partial differential equations},
	volume = {378},
	year = {2019}}

@article{wang2021learning,
	author = {Wang, Sifan and Wang, Hanwen and Perdikaris, Paris},
	date-added = {2023-07-15 11:36:44 +0800},
	date-modified = {2023-07-15 11:36:44 +0800},
	journal = {Science Advances},
	number = {40},
	pages = {eabi8605},
	publisher = {American Association for the Advancement of Science},
	title = {{L}earning the solution operator of parametric partial differential equations with physics-informed deeponets},
	volume = {7},
	year = {2021}}

@article{li2021physics,
	author = {Li, Zongyi and Zheng, Hongkai and Kovachki, Nikola and Jin, David and Chen, Haoxuan and Liu, Burigede and Azizzadenesheli, Kamyar and Anandkumar, Anima},
	date-added = {2023-07-15 11:36:44 +0800},
	date-modified = {2023-07-15 11:36:44 +0800},
	journal = {arXiv preprint arXiv:2111.03794},
	title = {{P}hysics-informed neural operator for learning partial differential equations},
	year = {2021}}

@article{karniadakis2021physics,
	author = {Karniadakis, George Em and Kevrekidis, Ioannis G and Lu, Lu and Perdikaris, Paris and Wang, Sifan and Yang, Liu},
	date-added = {2023-07-15 11:36:44 +0800},
	date-modified = {2023-07-15 11:36:44 +0800},
	journal = {Nature Reviews Physics},
	number = {6},
	pages = {422--440},
	publisher = {Nature Publishing Group UK London},
	title = {{P}hysics-informed machine learning},
	volume = {3},
	year = {2021}}

@article{nusken2021interpolating,
	author = {N{\"u}sken, Nikolas and Richter, Lorenz},
	date-added = {2023-07-15 11:36:44 +0800},
	date-modified = {2023-07-15 11:36:44 +0800},
	journal = {arXiv preprint arXiv:2112.03749},
	title = {Interpolating between {BSDE}s and {PINN}s--deep learning for elliptic and parabolic boundary value problems},
	year = {2021}}

@article{lu2021learning,
	author = {Lu, Lu and Jin, Pengzhan and Pang, Guofei and Zhang, Zhongqiang and Karniadakis, George Em},
	date-added = {2023-07-15 11:36:44 +0800},
	date-modified = {2023-07-15 11:36:44 +0800},
	journal = {Nature Machine Intelligence},
	number = {3},
	pages = {218--229},
	publisher = {Nature Publishing Group UK London},
	title = {{L}earning nonlinear operators via {D}eep{ON}et based on the universal approximation theorem of operators},
	volume = {3},
	year = {2021}}

@article{kovachki2021neural,
	author = {Kovachki, Nikola and Li, Zongyi and Liu, Burigede and Azizzadenesheli, Kamyar and Bhattacharya, Kaushik and Stuart, Andrew and Anandkumar, Anima},
	date-added = {2023-07-15 11:36:44 +0800},
	date-modified = {2023-07-15 11:36:44 +0800},
	journal = {arXiv preprint arXiv:2108.08481},
	title = {{N}eural operator: Learning maps between function spaces},
	year = {2021}}

@article{li2020fourier,
	author = {Li, Zongyi and Kovachki, Nikola and Azizzadenesheli, Kamyar and Liu, Burigede and Bhattacharya, Kaushik and Stuart, Andrew and Anandkumar, Anima},
	date-added = {2023-07-15 11:36:44 +0800},
	date-modified = {2023-07-15 11:36:44 +0800},
	journal = {arXiv preprint arXiv:2010.08895},
	title = {{F}ourier neural operator for parametric partial differential equations},
	year = {2020}}

@article{raissi2018forward,
	author = {Raissi, Maziar},
	date-added = {2023-07-15 11:36:44 +0800},
	date-modified = {2023-07-15 11:36:44 +0800},
	journal = {arXiv preprint arXiv:1804.07010},
	title = {{F}orward-backward stochastic neural networks: {D}eep learning of high-dimensional partial differential equations},
	year = {2018}}

@article{sabate2020solving,
	author = {Sabate-Vidales, Marc and {\v{S}}i{\v{s}}ka, David and Szpruch, Lukasz},
	date-added = {2023-07-15 11:36:44 +0800},
	date-modified = {2023-07-15 11:36:44 +0800},
	journal = {arXiv preprint arXiv:2011.10630},
	title = {{S}olving path dependent {PDE}s with {LSTM} networks and path signatures},
	year = {2020}}

@article{sirignano2017stochastic,
	author = {Sirignano, Justin and Spiliopoulos, Konstantinos},
	date-added = {2023-07-15 11:36:44 +0800},
	date-modified = {2023-07-15 11:36:44 +0800},
	journal = {SIAM Journal on Financial Mathematics},
	number = {1},
	pages = {933--961},
	publisher = {SIAM},
	title = {{S}tochastic gradient descent in continuous time},
	volume = {8},
	year = {2017}}

@article{sirignano2018dgm,
	author = {Sirignano, Justin and Spiliopoulos, Konstantinos},
	date-added = {2023-07-15 11:36:44 +0800},
	date-modified = {2023-07-15 11:36:44 +0800},
	journal = {Journal of Computational Physics},
	pages = {1339--1364},
	publisher = {Elsevier},
	title = {{DGM}: {A} deep learning algorithm for solving partial differential equations},
	volume = {375},
	year = {2018}}

@article{jacquier2019deep,
	author = {Jacquier, Antoine Jack and Oumgari, Mugad},
	date-added = {2023-07-15 11:36:44 +0800},
	date-modified = {2023-07-15 11:36:44 +0800},
	journal = {Available at SSRN 3400035},
	title = {{D}eep {PPDE}s for rough local stochastic volatility},
	year = {2019}}

@article{peng2016bsde,
	author = {Peng, Shige and Wang, Falei},
	date-added = {2023-07-15 11:36:44 +0800},
	date-modified = {2023-07-15 11:36:44 +0800},
	journal = {Science China Mathematics},
	pages = {19--36},
	publisher = {Springer},
	title = {{BSDE}, path-dependent {PDE} and nonlinear {F}eynman-{K}ac formula},
	volume = {59},
	year = {2016}}

@article{wang2018deep,
	author = {Wang, Haojie and Chen, Han and Sudjianto, Agus and Liu, Richard and Shen, Qi},
	date-added = {2023-07-15 11:36:44 +0800},
	date-modified = {2023-07-15 11:36:44 +0800},
	journal = {arXiv preprint arXiv:1807.06622},
	title = {{D}eep learning-based {BSDE} solver for {LIBOR} market model with application to {B}ermudan swaption pricing and hedging},
	year = {2018}}

@article{ganesan2020pricing,
	author = {Ganesan, Narayan and Yu, Yajie and Hientzsch, Bernhard},
	date-added = {2023-07-15 11:36:44 +0800},
	date-modified = {2023-07-15 11:36:44 +0800},
	journal = {arXiv preprint arXiv:2005.10966},
	title = {{P}ricing barrier options with deep {BSDE}s},
	year = {2020}}

@article{miserezpricing,
	author = {Miserez, Anton},
	date-added = {2023-07-15 11:36:44 +0800},
	date-modified = {2023-07-15 11:36:44 +0800},
	title = {PRICING HIGH-DIMENSIONAL AMERICAN ASIAN OPTIONS}}

@article{chen1995universal,
	author = {Chen, Tianping and Chen, Hong},
	date-added = {2023-07-15 11:36:44 +0800},
	date-modified = {2023-07-15 11:36:44 +0800},
	journal = {IEEE Transactions on Neural Networks},
	number = {4},
	pages = {911--917},
	publisher = {IEEE},
	title = {{U}niversal approximation to nonlinear operators by neural networks with arbitrary activation functions and its application to dynamical systems},
	volume = {6},
	year = {1995}}

@inproceedings{anandkumar2020neural,
	author = {Anandkumar, Anima and Azizzadenesheli, Kamyar and Bhattacharya, Kaushik and Kovachki, Nikola and Li, Zongyi and Liu, Burigede and Stuart, Andrew},
	booktitle = {ICLR 2020 Workshop on Integration of Deep Neural Models and Differential Equations},
	date-added = {2023-07-15 11:36:44 +0800},
	date-modified = {2023-07-15 11:36:44 +0800},
	title = {Neural operator: Graph kernel network for partial differential equations},
	year = {2020}}

@article{yu2019deep,
	author = {Yu, Bing and Xing, Xiaojing and Sudjianto, Agus},
	date-added = {2023-07-15 11:36:44 +0800},
	date-modified = {2023-07-15 11:36:44 +0800},
	journal = {arXiv preprint arXiv:1904.05921},
	title = {{D}eep-learning based numerical {BSDE} method for barrier options},
	year = {2019}}

@article{liang2021deep,
	author = {Liang, Jian and Xu, Zhe and Li, Peter},
	date-added = {2023-07-15 11:36:44 +0800},
	date-modified = {2023-07-15 11:36:44 +0800},
	journal = {Quantitative Finance},
	number = {8},
	pages = {1309--1323},
	publisher = {Taylor \& Francis},
	title = {Deep learning-based least squares forward-backward stochastic differential equation solver for high-dimensional derivative pricing},
	volume = {21},
	year = {2021}}

@article{el1997backward,
	author = {El Karoui, Nicole and Peng, Shige and Quenez, Marie Claire},
	date-added = {2023-07-15 11:36:44 +0800},
	date-modified = {2023-07-15 11:36:44 +0800},
	journal = {Mathematical finance},
	number = {1},
	pages = {1--71},
	publisher = {Wiley Online Library},
	title = {{B}ackward stochastic differential equations in finance},
	volume = {7},
	year = {1997}}

@book{zhang2017backward,
	author = {Zhang, Jianfeng},
	date-added = {2023-07-15 11:36:44 +0800},
	date-modified = {2023-07-15 11:36:44 +0800},
	publisher = {Springer},
	title = {{B}ackward {S}tochastic {D}ifferential {E}quations: {F}rom {L}inear to Fully Nonlinear Theory},
	year = {2017}}

@book{pham2009continuous,
	author = {Pham, Huy{\^e}n},
	date-added = {2023-07-15 11:36:44 +0800},
	date-modified = {2023-07-15 11:36:44 +0800},
	publisher = {Springer},
	title = {{C}ontinuous-time {S}tochastic {C}ontrol and {O}ptimization with {F}inancial {A}pplications},
	volume = {61},
	year = {2009}}

@article{heston1993closed,
	author = {Heston, Steven L},
	date-added = {2023-07-15 11:36:44 +0800},
	date-modified = {2023-07-15 11:36:44 +0800},
	journal = {The Review of Financial Studies},
	number = {2},
	pages = {327--343},
	publisher = {Oxford University Press},
	title = {A closed-form solution for options with stochastic volatility with applications to bond and currency options},
	volume = {6},
	year = {1993}}

@book{duffy2013finite,
	author = {Duffy, Daniel J},
	date-added = {2023-07-15 11:36:44 +0800},
	date-modified = {2023-07-15 11:36:44 +0800},
	publisher = {John Wiley \& Sons},
	title = {Finite Difference Methods in Financial Engineering: a Partial Differential Equation Approach},
	year = {2013}}

@book{hilber2013computational,
	author = {Hilber, Norbert and Reichmann, Oleg and Schwab, Christoph and Winter, Christoph},
	date-added = {2023-07-15 11:36:44 +0800},
	date-modified = {2023-07-15 11:36:44 +0800},
	publisher = {Springer Science \& Business Media},
	title = {Computational Methods for Quantitative Finance: Finite Element Methods for Derivative Pricing},
	year = {2013}}

@article{zhang2019analysis,
	author = {Zhang, Gongqiu and Li, Lingfei},
	date-added = {2023-07-15 11:36:44 +0800},
	date-modified = {2023-07-15 11:36:44 +0800},
	journal = {Operations Research},
	number = {2},
	pages = {407--427},
	publisher = {INFORMS},
	title = {Analysis of {M}arkov chain approximation for option pricing and hedging: Grid design and convergence behavior},
	volume = {67},
	year = {2019}}

@article{mijatovic2013continuously,
	author = {Mijatovi{\'c}, Aleksandar and Pistorius, Martijn},
	date-added = {2023-07-15 11:36:44 +0800},
	date-modified = {2023-07-15 11:36:44 +0800},
	journal = {Mathematical Finance},
	number = {1},
	pages = {1--38},
	publisher = {Wiley Online Library},
	title = {Continuously monitored barrier options under {M}arkov processes},
	volume = {23},
	year = {2013}}

@article{gu2021selectnet,
	author = {Gu, Yiqi and Yang, Haizhao and Zhou, Chao},
	date-added = {2023-07-15 11:36:44 +0800},
	date-modified = {2023-07-15 11:36:44 +0800},
	journal = {Journal of Computational Physics},
	pages = {110444},
	publisher = {Elsevier},
	title = {Selectnet: Self-paced learning for high-dimensional partial differential equations},
	volume = {441},
	year = {2021}}

@article{han2018solving,
	author = {Han, Jiequn and Jentzen, Arnulf and E, Weinan},
	date-added = {2023-07-15 11:36:44 +0800},
	date-modified = {2023-07-15 11:36:44 +0800},
	journal = {Proceedings of the National Academy of Sciences},
	number = {34},
	pages = {8505--8510},
	publisher = {National Acad Sciences},
	title = {Solving high-dimensional partial differential equations using deep learning},
	volume = {115},
	year = {2018}}

@article{berner2020numerically,
	author = {Berner, Julius and Dablander, Markus and Grohs, Philipp},
	date-added = {2023-07-15 11:36:44 +0800},
	date-modified = {2023-07-15 11:36:44 +0800},
	journal = {Advances in Neural Information Processing Systems},
	pages = {16615--16627},
	title = {Numerically solving parametric families of high-dimensional {K}olmogorov partial differential equations via deep learning},
	volume = {33},
	year = {2020}}

@article{bates1996jumps,
	author = {Bates, David S},
	date-added = {2023-07-14 15:48:06 +0800},
	date-modified = {2023-07-14 15:48:06 +0800},
	journal = {The Review of Financial Studies},
	number = {1},
	pages = {69--107},
	publisher = {Oxford University Press},
	title = {Jumps and stochastic volatility: Exchange rate processes implicit in deutsche mark options},
	volume = {9},
	year = {1996}}

@article{chen2021deep,
	author = {Chen, Yangang and Wan, Justin WL},
	journal = {Quantitative Finance},
	number = {1},
	pages = {45--67},
	publisher = {Taylor \& Francis},
	title = {{D}eep {N}eural {N}etwork {F}ramework {B}ased on {B}ackward {S}tochastic {D}ifferential {E}quations for {P}ricing and {H}edging {A}merican {O}ptions in {H}igh {D}imensions},
	volume = {21},
	year = {2021}}

@article{germain2022deepsets,
	author = {Germain, Maximilien and Lauri{\`e}re, Mathieu and Pham, Huy{\^e}n and Warin, Xavier},
	journal = {Journal of Scientific Computing},
	number = {2},
	pages = {63},
	publisher = {Springer},
	title = {{D}eep{S}ets and {T}heir {D}erivative {N}etworks for {S}olving {S}ymmetric {PDE}s},
	volume = {91},
	year = {2022}}

@book{glasserman2004monte,
	author = {Glasserman, Paul},
	publisher = {Springer},
	title = {{M}onte {C}arlo {M}ethods in {F}inancial {E}ngineering},
	volume = {53},
	year = {2004}}

@article{black1973pricing,
	author = {Black, Fischer and Scholes, Myron},
	journal = {Journal of political economy},
	number = {3},
	pages = {637--654},
	publisher = {The University of Chicago Press},
	title = {{T}he {P}ricing of {O}ptions and {C}orporate {L}iabilities},
	volume = {81},
	year = {1973}}

@article{feng2021deep,
	author = {Feng, Qi and Luo, Man and Zhang, Zhaoyu},
	journal = {arXiv preprint arXiv:2108.10504},
	title = {{D}eep {S}ignature {FBSDE} {A}lgorithm},
	year = {2021}}

@article{beck2021deep,
	author = {Beck, Christian and Becker, Sebastian and Cheridito, Patrick and Jentzen, Arnulf and Neufeld, Ariel},
	journal = {SIAM Journal on Scientific Computing},
	number = {5},
	pages = {A3135--A3154},
	publisher = {SIAM},
	title = {{D}eep {S}plitting {M}ethod for {P}arabolic {PDE}s},
	volume = {43},
	year = {2021}}

@article{hure2020deep,
	author = {Hur{\'e}, C{\^o}me and Pham, Huy{\^e}n and Warin, Xavier},
	journal = {Mathematics of Computation},
	number = {324},
	pages = {1547--1579},
	title = {{D}eep {B}ackward {S}chemes for {H}igh-dimensional {N}onlinear {PDE}s},
	volume = {89},
	year = {2020}}

@article{glau2022deep,
	author = {Glau, Kathrin and Wunderlich, Linus},
	journal = {Applied Mathematics and Computation},
	pages = {127355},
	publisher = {Elsevier},
	title = {The {D}eep {P}arametric {PDE} {M}ethod and {A}pplications to {O}ption {P}ricing},
	volume = {432},
	year = {2022}}

@article{bayraktar2022deep,
	author = {Bayraktar, Erhan and Feng, Qi and Zhang, Zhaoyu},
	journal = {arXiv preprint arXiv:2211.11691},
	title = {{D}eep {S}ignature {A}lgorithm for {P}ath-Dependent {A}merican {O}ption {P}ricing},
	year = {2022}}

@article{gnoatto2022deep,
	author = {Gnoatto, Alessandro and Patacca, Marco and Picarelli, Athena},
	journal = {arXiv preprint arXiv:2211.04349},
	title = {{A} {D}eep {S}olver for {BSDE}s with {J}umps},
	year = {2022}}

@article{han2017deep,
	author = {Han, Jiequn and Jentzen, Arnulf and others},
	journal = {Communications in Mathematics and Statistics},
	number = {4},
	pages = {349--380},
	publisher = {Springer},
	title = {{D}eep {L}earning-based {N}umerical {M}ethods for {H}igh-dimensional {P}arabolic {P}artial {D}ifferential {E}quations and {B}ackward {S}tochastic {D}ifferential {E}quations},
	volume = {5},
	year = {2017}}

@article{gnoatto2023deep,
	author = {Gnoatto, Alessandro and Picarelli, Athena and Reisinger, Christoph},
	journal = {SIAM Journal on Financial Mathematics},
	number = {1},
	pages = {314--352},
	publisher = {SIAM},
	title = {{D}eep xVA {S}olver: {A} {N}eural {N}etwork-{B}ased {C}ounterparty {C}redit {R}isk {M}anagement {F}ramework},
	volume = {14},
	year = {2023}}

@article{goswami2022physics,
	author = {Goswami, Somdatta and Bora, Aniruddha and Yu, Yue and Karniadakis, George Em},
	journal = {arXiv preprint arXiv:2207.05748},
	title = {{P}hysics-informed {N}eural {O}perators},
	year = {2022}}

@article{benhamou2010time,
	author = {Benhamou, Eric and Gobet, Emmanuel and Miri, Mohammed},
	journal = {SIAM Journal on Financial Mathematics},
	number = {1},
	pages = {289--325},
	publisher = {SIAM},
	title = {{T}ime {D}ependent {H}eston {M}odel},
	volume = {1},
	year = {2010}}

@article{douglas1996numerical,
	author = {Douglas Jr, Jim and Ma, Jin and Protter, Philip},
	journal = {The Annals of Applied Probability},
	number = {3},
	pages = {940--968},
	publisher = {Institute of Mathematical Statistics},
	title = {{N}umerical {M}ethods for {F}orward-{B}ackward {S}tochastic {D}ifferential {E}quations},
	volume = {6},
	year = {1996}}

@article{gao2022convergence,
	author = {Gao, Chengfan and Gao, Siping and Hu, Ruimeng and Zhu, Zimu},
	journal = {arXiv preprint arXiv:2210.04118},
	title = {{C}onvergence of the {B}ackward {D}eep BSDE {M}ethod with {A}pplications to {O}ptimal {S}topping {P}roblems},
	year = {2022}}

@inproceedings{glorot2010understanding,
	author = {Glorot, Xavier and Bengio, Yoshua},
	booktitle = {Proceedings of the thirteenth international conference on artificial intelligence and statistics},
	organization = {JMLR Workshop and Conference Proceedings},
	pages = {249--256},
	title = {Understanding the difficulty of training deep feedforward neural networks},
	year = {2010}}

@inproceedings{ioffe2015batch,
	author = {Ioffe, Sergey and Szegedy, Christian},
	booktitle = {International Conference on Machine Learning},
	organization = {pmlr},
	pages = {448--456},
	title = {{B}atch {N}ormalization: {A}ccelerating {D}eep {N}etwork {T}raining by {R}educing {I}nternal {C}ovariate {S}hift},
	year = {2015}}

@misc{tensorflow2015-whitepaper,
	author = {Mart\'{i}n~Abadi and Ashish~Agarwal and Paul~Barham and Eugene~Brevdo and Zhifeng~Chen and Craig~Citro and Greg~S.~Corrado and Andy~Davis and Jeffrey~Dean and Matthieu~Devin and Sanjay~Ghemawat and Ian~Goodfellow and Andrew~Harp and Geoffrey~Irving and Michael~Isard and Yangqing Jia and Rafal~Jozefowicz and Lukasz~Kaiser and Manjunath~Kudlur and Josh~Levenberg and Dandelion~Man\'{e} and Rajat~Monga and Sherry~Moore and Derek~Murray and Chris~Olah and Mike~Schuster and Jonathon~Shlens and Benoit~Steiner and Ilya~Sutskever and Kunal~Talwar and Paul~Tucker and Vincent~Vanhoucke and Vijay~Vasudevan and Fernanda~Vi\'{e}gas and Oriol~Vinyals and Pete~Warden and Martin~Wattenberg and Martin~Wicke and Yuan~Yu and Xiaoqiang~Zheng},
	note = {Software available from tensorflow.org},
	title = {{TensorFlow}: Large-Scale Machine Learning on Heterogeneous Systems},
	url = {https://www.tensorflow.org/},
	year = {2015},
	bdsk-url-1 = {https://www.tensorflow.org/}}

@article{mareepricing,
	author = {Maree, Stef and du Toit, Jacques},
	publisher = {Citeseer},
	title = {Pricing {B}ermudan swaptions on the {LIBOR} {M}arket {M}odel using the {S}tochastic {G}rid {B}undling {M}ethod}}

@article{yamakami2022pricing,
	author = {Yamakami, Tomohisa and Takeuchi, Yuki},
	journal = {arXiv preprint arXiv:2212.08250},
	title = {Pricing {B}ermudan swaption under two Factor {H}ull-{W}hite model with fast {G}auss transform},
	year = {2022}}

@article{guo2023simultaneous,
	author = {Guo, Ivan and Langren{\'e}, Nicolas and Wu, Jiahao},
	journal = {arXiv preprint arXiv:2302.12439},
	title = {Simultaneous upper and lower bounds of {A}merican option prices with hedging via neural networks},
	year = {2023}}
